<record><leader>00000cas a22000007a 4500</leader><controlfield tag="001">12897809</controlfield><controlfield tag="008">851212d19311937wvuwr ne      0    0eng d</controlfield><datafield ind1=" " ind2=" " tag="010"><subfield code="a">sn 85059788 </subfield></datafield><datafield ind1=" " ind2=" " tag="040"><subfield code="a">WVC</subfield><subfield code="b">eng</subfield><subfield code="c">WVC</subfield><subfield code="d">OCL</subfield><subfield code="d">OCLCQ</subfield></datafield><datafield ind1=" " ind2=" " tag="042"><subfield code="a">msc</subfield></datafield><datafield ind1="0" ind2="0" tag="245"><subfield code="a">Kanawha Valley news.</subfield></datafield><datafield ind1=" " ind2=" " tag="260"><subfield code="a">Dunbar, W. Va. :</subfield><subfield code="b">L.A. Fraser,</subfield><subfield code="c">1931-1937.</subfield></datafield><datafield ind1=" " ind2=" " tag="300"><subfield code="a">v.</subfield></datafield><datafield ind1=" " ind2=" " tag="310"><subfield code="a">Weekly</subfield></datafield><datafield ind1="0" ind2=" " tag="362"><subfield code="a">Vol. 15, no. 23 (Nov. 6, 1931)-v. 20, no. 12 (Oct. 8, 1937).</subfield></datafield><datafield ind1=" " ind2=" " tag="500"><subfield code="a">"Republican."</subfield></datafield><datafield ind1=" " ind2=" " tag="752"><subfield code="a">United States</subfield><subfield code="b">West Virginia</subfield><subfield code="c">Kanawha</subfield><subfield code="d">Dunbar.</subfield></datafield><datafield ind1="0" ind2="0" tag="780"><subfield code="t">Dunbar advance (Dunbar, W. Va. : 1917)</subfield><subfield code="w">(DLC)sn 85059787</subfield></datafield><datafield ind1="0" ind2="0" tag="785"><subfield code="t">Dunbar advance (Dunbar, W. Va. : 1937)</subfield><subfield code="w">(DLC)sn 85059789</subfield></datafield></record>